@article{Sobel,
	author = {Sobel, Irwin},
	year = {2014},
	month = {02},
	pages = {},
	title = {An Isotropic 3x3 Image Gradient Operator},
	journal = {Presentation at Stanford A.I. Project 1968}
}